% This file was created with JabRef 2.9.1.
% Encoding: Cp1251

@ARTICLE{Ahmed2012,
  author = {M. U. Ahmed and N. Rehman and D. Looney and T. M. Rutkowski and P.
	Kidmose and D. P. Mandic},
  title = {Multivariate entropy analysis with data-driven scales},
  journal = {2012 IEEE International Conference on Acoustics, Speech and Signal
	Processing (ICASSP)},
  year = {2012},
  pages = {3901 - 3904},
  owner = {Anastasia},
  quality = {1},
  timestamp = {2016.05.11}
}

@INBOOK{Aldrich2013,
  chapter = {Process Monitoring Using Multiscale Methods},
  pages = {341-369},
  title = {Process Monitoring and Fault Diagnosis with Machine Learning Methods
	(Advances in Computer Vision and Pattern Recognition)},
  publisher = {Springer London},
  year = {2013},
  author = {Chris Aldrich and  Lidia Auret},
  owner = {Anastasia},
  quality = {1},
  timestamp = {2016.05.11}
}

@TECHREPORT{Chen2004,
  author = {Hongmei Chen and Brani Vidakovic and and Dimitri Mavris},
  title = {Multiscale Forecasting Method using ARMAX Models},
  institution = {Georgia Institute of Technology},
  year = {2004},
  owner = {Anastasia},
  quality = {1},
  timestamp = {2016.05.11}
}

@ARTICLE{Cortez2012,
  author = {Paulo Cortez and Miguel Rio and Miguel Rocha and
	
	Pedro Sousa},
  title = {Multi-scale Internet traffic forecasting using neural networks and
	time series methods},
  journal = {Expert Systems},
  year = {2012},
  volume = {29},
  pages = {143-155},
  number = {2},
  owner = {Anastasia},
  quality = {1},
  timestamp = {2016.05.11}
}

@ARTICLE{Costa2008,
  author = {Madalena D. Costa and Chung-Kang Peng and Ary L. Goldberger},
  title = {Multiscale Analysis of Heart Rate Dynamics: Entropy and Time
	
	Irreversibility Measures},
  journal = {Cardiovascular Engineering},
  year = {2008},
  volume = {8},
  pages = {88-93},
  number = {2},
  owner = {Anastasia},
  quality = {1},
  timestamp = {2016.05.11}
}

@ARTICLE{Cui2016,
  author = {Zhicheng Cui and Wenlin Chen and Yixin Chen},
  title = {Multi-Scale Convolutional Neural Networks for Time Series Classification},
  journal = {Computer Vision and Pattern Recognition},
  year = {2016},
  owner = {Anastasia},
  quality = {1},
  timestamp = {2016.05.11}
}

@ARTICLE{Ferreira2006,
  author = {Marco A. R. Ferreira and David M. Higdon and Herbert K. H. Lee and
	Mike West},
  title = {Multi-scale and hidden resolution time series models},
  journal = {Bayesian Analysis},
  year = {2006},
  volume = {1},
  pages = {947-967},
  number = {4},
  owner = {Anastasia},
  quality = {1},
  timestamp = {2016.05.11}
}

@ARTICLE{Hyndman2006,
  author = {Rob J. Hyndman},
  title = {Another look at forecast-accuracy metrics for intermittent demand},
  journal = {Foresight},
  year = {2006},
  pages = {43-46},
  number = {4},
  month = {June},
  owner = {Anastasia},
  quality = {1},
  timestamp = {2016.04.26}
}

@ARTICLE{Jiang2011,
  author = {Ying Jiang and C.-K. Peng and Yuesheng Xu},
  title = {Hierarchical entropy analysis for biological signals},
  journal = {Journal of Computational and Applied Mathematics},
  year = {2011},
  volume = {236},
  pages = {728–742},
  owner = {Anastasia},
  quality = {1},
  timestamp = {2016.05.11}
}

@INBOOK{Vespier2012,
  chapter = {MDL-Based Analysis of Time Series at Multiple Time-Scales},
  pages = {371-386},
  title = {Machine Learning and Knowledge Discovery in Databases},
  year = {2012},
  author = {Ugo Vespier and Arno Knobbe and Siegfried Nijssen and Joaquin Vanschoren},
  volume = {7524},
  series = {Lecture Notes in Computer Science},
  journal = {Machine Learning and Knowledge Discovery in Databases (Volume 7524
	of the series Lecture Notes in Computer Science)},
  owner = {Anastasia},
  quality = {1},
  timestamp = {2016.05.11}
}

@ARTICLE{Wu2013,
  author = {Shuen-De Wu and  Chiu-Wen Wu and  Shiou-Gwo Lin and Chun-Chieh Wang
	and  Kung-Yen Lee},
  title = {Time Series Analysis Using Composite Multiscale Entropy},
  journal = {Entropy},
  year = {2013},
  volume = {15},
  pages = {1069-1084},
  number = {3},
  owner = {Anastasia},
  quality = {1},
  timestamp = {2016.05.11}
}

